@Electronic{FLUKE289,
	author =    {{Multimeter FLUKE289}},
	year =      {2016},
	url =       {http://www.fluke.com},
	owner =     {Your name},
	timestamp = {2015.05.05}
}

@BOOK{Fossen2011,
	title = {Handbook of Marine Craft Hydrodynamics and Motion Control},
	publisher = {John Wiley \& Sons, Ltd},
	year = {2011},
	author = {Fossen, Thor. I.},
	booktitle = {Handbook of Marine Craft Hydrodynamics and Motion Control}
}

@ARTICLE{FredriksenPettersen2006,
	author = {Fredriksen, E. and Pettersen, K. Y.},
	title = {Global {$\kappa$}-exponential way-point maneuvering of ships: Theory
	and experiments},
	journal = {Automatica},
	year = {2006},
	volume = {42},
	pages = {677 - 687},
	number = {4},
	owner = {NN},
	timestamp = {2010.03.04}
}

@INPROCEEDINGS{PettersenEgeland1996,
	author = {Pettersen, K. Y. and Egeland, O.},
	title = {Exponential stabilization of an underactuated surface vessel},
	booktitle = {Proc. 35th {IEEE} conf. Decision and Control},
	year = {1996},
	volume = {1},
	pages = {967-972},
	month = {December},
	file = {:Generell teori\\Underaktuerte systemer\\Exponential Stabilization
	of an Underactuated Surface Vessel.pdf:PDF},
	owner = {NN},
	timestamp = {2009.11.13}
}

@PHDTHESIS{Yeo1999,
	author = {Yeo, D.J.},
	title = {Design of {AUV} Tracking System Using the Sliding Mode Control and
	The Optimal Control Theory},
	school = {Department of Naval Architecture and Ocean Engineering,
	Seoul National University, Korea},
	year = {1999},
	owner = {NN},
	timestamp = {2014.02.25}
}

@MISC{BostonDynamics2017,
	author =       {Guizzo, E. and Ackerman, E.},
	title =        {Boston Dynamics Officially Unveils Its Wheel-Leg Robot: ''Best of Both Worlds''},
	editor =       {IEEE Spectrum},
	month =        {27 February},
	year =         {2017},
	url = {http://spectrum.ieee.org/automaton/robotics/humanoids/boston-dynamics-handle-robot},
	note =         {[Online; posted 27-February-2017]},
}




%--------------------
@BOOK{spong,
	title = {Robot Modeling and Control},
	publisher = {John Wiley \& Sons, Ltd},
	year = {2006},
	author = {W. Spong, Mark and Hutchinson, Seth and Vidyasagar, M.},
	booktitle = {Robot Modeling and Control}
}

@ARTICLE{Kinematics,
	author = {Iliukhin,V.N. and Mitkovskii,K.B. and Bizyanova,D.A. and  Akopyan,A.A.},
	title = {The modeling of Inverse Kinematics for 5 DOF manipulator},
	journal = {Automatica},
	year = {2017},
	volume = {1},
	pages = {498 - 505},
	number = {1},
	owner = {NN},
	timestamp = {2017.18.10}
}


@BOOK{Siciliano,
	title = {Robotics - Modelling, Planning and Control},
	publisher = {Springer-Verlag London Limited },
	year = {2010},
	author = {Siciliano, Bronu and Sciavicco, Lorenzo and Villani, Luigi and Oriolo, Giuseppe},
	booktitle = {Robotics - Modelling, Planning and Control}
}